<record><leader>00000cas a2200000 a 4500</leader><controlfield tag="001">15298662</controlfield><controlfield tag="008">870311d18531855iluwr ne      0    0eng c</controlfield><datafield ind1=" " ind2=" " tag="010"><subfield code="a">sn 87082138 </subfield></datafield><datafield ind1=" " ind2=" " tag="040"><subfield code="a">NPV</subfield><subfield code="b">eng</subfield><subfield code="c">NPV</subfield><subfield code="d">NVF</subfield><subfield code="d">OCL</subfield><subfield code="d">NVF</subfield><subfield code="d">OCLCQ</subfield><subfield code="d">OCLCF</subfield><subfield code="d">OCLCO</subfield></datafield><datafield ind1="1" ind2=" " tag="029"><subfield code="a">AU@</subfield><subfield code="b">000020236905</subfield></datafield><datafield ind1=" " ind2=" " tag="042"><subfield code="a">pcc</subfield></datafield><datafield ind1=" " ind2=" " tag="043"><subfield code="a">n-us-il</subfield></datafield><datafield ind1="0" ind2="0" tag="245"><subfield code="a">Warsaw weekly express.</subfield></datafield><datafield ind1="1" ind2="3" tag="246"><subfield code="a">Weekly express</subfield></datafield><datafield ind1="1" ind2="3" tag="246"><subfield code="a">Warsaw express</subfield></datafield><datafield ind1=" " ind2=" " tag="260"><subfield code="a">Warsaw, Ill. :</subfield><subfield code="b">Thomas C. Sharp,</subfield><subfield code="c">1853-1855.</subfield></datafield><datafield ind1=" " ind2=" " tag="300"><subfield code="a">v.</subfield></datafield><datafield ind1=" " ind2=" " tag="310"><subfield code="a">Weekly</subfield></datafield><datafield ind1="1" ind2=" " tag="362"><subfield code="a">Began in Mar. 1853.</subfield></datafield><datafield ind1="0" ind2=" " tag="362"><subfield code="a">-v. 3, no. 16 (July 12, 1855).</subfield></datafield><datafield ind1=" " ind2=" " tag="580"><subfield code="a">Merged with: Journal of the people (Warsaw, Ill.), to form: Warsaw express and journal of the people.</subfield></datafield><datafield ind1=" " ind2=" " tag="588"><subfield code="a">Description based on: Vol. 1, no. 11 (June 2, 1853).</subfield></datafield><datafield ind1=" " ind2="0" tag="651"><subfield code="a">Warsaw (Ill.)</subfield><subfield code="v">Newspapers.</subfield></datafield><datafield ind1=" " ind2="7" tag="655"><subfield code="a">Newspapers.</subfield><subfield code="2">fast</subfield><subfield code="0">(OCoLC)fst01423814</subfield></datafield><datafield ind1=" " ind2="7" tag="651"><subfield code="a">Illinois</subfield><subfield code="z">Warsaw.</subfield><subfield code="2">fast</subfield><subfield code="0">(OCoLC)fst01262643</subfield></datafield><datafield ind1=" " ind2=" " tag="752"><subfield code="a">United States</subfield><subfield code="b">Illinois</subfield><subfield code="c">Hancock</subfield><subfield code="d">Warsaw.</subfield></datafield><datafield ind1="0" ind2="0" tag="780"><subfield code="t">Warsaw signal (Warsaw, Ill. : 1851)</subfield><subfield code="w">(DLC)sn 84038660</subfield><subfield code="w">(OCoLC)11423401</subfield></datafield><datafield ind1="1" ind2="7" tag="785"><subfield code="t">Journal of the people (Warsaw, Ill.)</subfield><subfield code="w">(DLC)sn 93055668</subfield><subfield code="w">(OCoLC)27881140</subfield></datafield><datafield ind1="1" ind2="7" tag="785"><subfield code="t">Warsaw express and journal of the people</subfield><subfield code="w">(DLC)sn 93055669</subfield><subfield code="w">(OCoLC)27881178</subfield></datafield></record>